@article{lewis2001likelihood,
  title={A likelihood approach to estimating phylogeny from discrete morphological character data},
  author={Lewis, Paul O},
  journal={Systematic Biology},
  volume={50},
  number={6},
  pages={913--925},
  year={2001},
  publisher={Oxford University Press}
}
@article{wagner2007revised,
  title={Revised classification of the {O}nagraceae},
  author={Wagner, Warren L and Hoch, Peter C and Raven, Peter H},
  journal={Systematic Botany Monographs},
  volume={83},
  year={2007}
}
@article{edgar2004muscle,
  title={{MUSCLE}: multiple sequence alignment with high accuracy and high throughput},
  author={Edgar, Robert C},
  journal={Nucleic Acids Research},
  volume={32},
  number={5},
  pages={1792--1797},
  year={2004},
  publisher={Oxford Univ Press}
}
@article{blast,
  title={{BLAST}+: architecture and applications},
  author={Camacho, Christiam and Coulouris, George and Avagyan, Vahram and Ma, Ning and Papadopoulos, Jason and Bealer, Kevin and Madden, Thomas L},
  journal={BMC Bioinformatics},
  volume={10},
  number={1},
  pages={421},
  year={2009},
  publisher={BioMed Central Ltd}
}
@Misc{mesquite,
  author =   {Maddison, W. P. and D.R. Maddison},
  title =    {Mesquite: a modular system for evolutionary analysis. {V}ersion 2.75},
  howpublished = {\url{http://mesquiteproject.org}},
  year = {2011}
}
@Misc{sumac,
  author =   {William A Freyman},
  title =    {{Supermatrix Constructor (SUMAC): a Python package for data mining GenBank and building phylogenetic supermatrices.}},
  howpublished = {\url{https://github.com/wf8/sumac}},
  year = {2014}
}
@Misc{tracer,
  author =   {Rambaut, Andrew and Suchard, Marc and Drummond, Alexei J},
  title =    {Tracer v1.6},
  howpublished = {\url{http://tree.bio.ed.ac.uk/software/tracer/}},
  year = {2013}
}
@article{raxml,
  title={{RA}x{ML} {V}ersion 8: A tool for Phylogenetic Analysis and Post-Analysis of Large Phylogenies},
  author={Stamatakis, Alexandros},
  journal={Bioinformatics},
  year={2014},
  publisher={Oxford Univ Press}
}
@inproceedings{cipres,
  title={Creating the {CIPRES} Science Gateway for inference of large phylogenetic trees},
  author={Miller, Mark A and Pfeiffer, Wayne and Schwartz, Terri},
  booktitle={Gateway Computing Environments Workshop (GCE), 2010},
  pages={1--8},
  year={2010},
  organization={IEEE}
}
@article{beast,
  title={{BEAST}: {B}ayesian evolutionary analysis by sampling trees},
  author={Drummond, Alexei J and Rambaut, Andrew},
  journal={BMC Evolutionary Biology},
  volume={7},
  number={1},
  pages={214},
  year={2007},
  publisher={BioMed Central Ltd}
}
@article{beast2,
  title={Many-core algorithms for statistical phylogenetics},
  author={Suchard, Marc A and Rambaut, Andrew},
  journal={Bioinformatics},
  volume={25},
  number={11},
  pages={1370--1376},
  year={2009},
  publisher={Oxford Univ Press}
}
@article{grimsson,
  title={Diverse fossil {O}nagraceae pollen from a {M}iocene palynoflora of north-east {C}hina: early steps in resolving the phytogeographic history of the family},
  author={Gr{\'\i}msson, Fri{\dh}geir and Zetter, Reinhard and Leng, Qin},
  journal={Plant Systematics and Evolution},
  volume={298},
  number={3},
  pages={671--687},
  year={2012},
  publisher={Springer}
}
@article{zhi,
  title={Fossil pollen records of extant angiosperms in {C}hina},
  author={Zhi-Chen, Song and Wei-Ming, Wang and Fei, Huang},
  journal={The Botanical Review},
  volume={70},
  number={4},
  pages={425--458},
  year={2004},
  publisher={Springer}
}
@article{graham,
  title={Fossil Records in the {L}ythraceae},
  author={Graham, Shirley A},
  journal={The Botanical Review},
  volume={79},
  number={1},
  pages={48--145},
  year={2013},
  publisher={Springer}
}
@article{lee2013fossil,
  title={A fossil \textit{{F}uchsia} ({O}nagraceae) flower and an anther mass with in situ pollen from the early {M}iocene of {N}ew {Z}ealand},
  author={Lee, Daphne E and Conran, John G and Bannister, Jennifer M and Kaulfuss, Uwe and Mildenhall, Dallas C},
  journal={American Journal of Botany},
  volume={100},
  number={10},
  pages={2052--2065},
  year={2013},
  publisher={Botanical Soc America}
}
@article{Sytsma2004,
  author = {Sytsma, KJ and Litt, Amy and Zjhra, ML},
  journal = {International Journal of Plant Sciences},
  number = {S4},
  pages = {S85--S105},
  title = {Clades, Clocks, and Continents: Historical and Biogeographical Analysis of {M}yrtaceae, {V}ochysiaceae, and Relatives in the Southern {H}emisphere Source},
  volume = {165},
  year = {2004}
}
@article{conti1997,
  title={Interfamilial relationships in {M}yrtales: molecular phylogeny and patterns of morphological evolution},
  author={Conti, Elena and Litt, Amy and Wilson, Peter G and Graham, Shirley A and Briggs, Barbara G and Johnson, LAS and Sytsma, Kenneth J},
  journal={Systematic Botany},
  pages={629--647},
  year={1997},
  publisher={JSTOR},
  volume={22},
  number={4}
}
@article{chromevol,
  title={ChromEvol: Assessing the Pattern of Chromosome Number Evolution and the Inference of Polyploidy along a Phylogeny},
  author={Glick, Lior and Mayrose, Itay},
  journal={Molecular biology and evolution},
  pages={msu122},
  year={2014},
  publisher={SMBE}
}
@article{aic,
  title={Likelihood of a model and information criteria},
  author={Akaike, Hirotugu},
  journal={Journal of econometrics},
  volume={16},
  number={1},
  pages={3--14},
  year={1981},
  publisher={North-Holland}
}
@article{Huelsenbeck2003,
  author = {Huelsenbeck, John P. and Nielsen, Rasmus and Bollback, Jonathan P.},
  journal = {Systematic Biology},
  number = {2},
  pages = {131--158},
  title = {{Stochastic Mapping of Morphological Characters}},
  volume = {52},
  year = {2003}
}
@article{bollback2006simmap,
  title={SIMMAP: stochastic character mapping of discrete traits on phylogenies},
  author={Bollback, Jonathan P},
  journal={BMC Bioinformatics},
  volume={7},
  number={1},
  pages={88},
  year={2006},
  publisher={BioMed Central Ltd}
}
@article{Berry2004,
  author = {Berry, Paul E and Hahn, William J and Sytsma, Kenneth J and Hall, Jocelyn C and Mast, Austin},
  journal = {American {J}ournal of {B}otany},
  number = {4},
  pages = {601--14},
  title = {{Phylogenetic relationships and biogeography of \textit{{F}uchsia} ({O}nagraceae) based on noncoding nuclear and chloroplast DNA data.}},
  volume = {91},
  year = {2004}
}
@article{Evans2009,
    author = {Evans, Margaret E K and Smith, Stephen a and Flynn, Rachel S and Donoghue, Michael J},
    journal = {The {A}merican {N}aturalist},
    number = {2},
    pages = {225--40},
    title = {{Climate, niche evolution, and diversification of the "bird-cage" evening primroses (\textit{{O}enothera}, sections {A}nogra and {K}leinia).}},
    volume = {173},
    year = {2009}
}
@article{Hoggard2004,
    author = {Hoggard, GD and Kores, PJ},
    journal = {{American Journal of Botany}},
    number = {1},
    pages = {139--148},
    title = {{The phylogeny of \textit{G}aura ({O}nagraceae) based on {ITS}, {ETS}, and trn{L}-{F} sequence data}},
    volume = {91},
    year = {2004}
}
@article{Levin2004,
    author = {Levin, RA and Wagner, WL and Hoch, PC},
    journal = {{Systematic Botany}},
    pages = {147--164},
    title = {{Paraphyly in tribe Onagreae: insights into phylogenetic relationships of Onagraceae based on nuclear and chloroplast sequence data}},
    volume = {29},
    year = {2004}
}
@article{Xie2009,
    author = {Xie, Lei and Wagner, Warren L and Ree, Richard H and Berry, Paul E and Wen, Jun},
    journal = {{Molecular Phylogenetics and Evolution}},
    number = {3},
    pages = {995--1009},
    publisher = {Elsevier Inc.},
    title = {{Molecular phylogeny, divergence time estimates, and historical biogeography of \textit{Circaea} (Onagraceae) in the Northern Hemisphere.}},
    volume = {53},
    year = {2009}
}
@article{Baum1994,
    author = {Baum, DA and Sytsma, KJ and Hoch, PC},
    journal = {Systematic {B}otany},
    number = {3},
    pages = {363--388},
    title = {{A phylogenetic analysis of \textit{Epilobium} (Onagraceae) based on nuclear ribosomal DNA sequences}},
    volume = {19},
    year = {1994}
}
@article{Wagner2005,
    author = {Wagner, WL and Lammers, TG},
    journal = {Systematic {B}otany},
    pages = {332--355},
    title = {{Systematics of \textit{Oenothera} Sections Contortae, Eremia, and Ravenia (Onagraceae)}},
    volume = {30},
    year = {2005}
}

@article{Levin2003,
  journal = {{American Journal of Botany}},
  number = {1},
  pages = {107--15},
  title = {{Family-level relationships of Onagraceae based on chloroplast rbcL and ndhF data.}},
  volume = {90},
  year = {2003},
  author = {Levin, Rachel a and Wagner, Warren L and Hoch, Peter C and Nepokroeff, Molly and Pires, J Chris and Zimmer, Elizabeth a and Sytsma, Kenneth J}
}
@article{DeQueiroz2007,
    author = {de Queiroz, Alan and Gatesy, John},
    journal = {{Trends in Ecology \& Evolution}},
    number = {1},
    pages = {34--41},
    title = {{The supermatrix approach to systematics.}},
    volume = {22},
    year = {2007}
}
@article{Yan2005,
    author = {Yan, Changhui and Burleigh, J Gordon and Eulenstein, Oliver},
    journal = {{Molecular phylogenetics and evolution}},
    number = {3},
    pages = {528--35},
    title = {{Identifying optimal incomplete phylogenetic data sets from sequence databases.}},
    volume = {35},
    year = {2005}
}
@article{Roure2007,
    author = {Roure, B\'{e}atrice and Rodriguez-Ezpeleta, Naiara and Philippe, Herv\'{e}},
    journal = {{BMC Evolutionary Biology}},
    pages = {S2},
    title = {{SCaFoS: a tool for selection, concatenation and fusion of sequences for phylogenomics.}},
    volume = {7 Suppl 1},
    year = {2007}
}
@article{Sanderson2008,
    author = {Sanderson, Michael J and Boss, Darren and Chen, Duhong and Cranston, Karen a and Wehe, Andre},
    journal = {Systematic Biology},
    number = {3},
    pages = {335--46},
    title = {{The PhyLoTA Browser: processing GenBank for molecular phylogenetics research.}},
    volume = {57},
    year = {2008}
}
@article{Smith2009,
    author = {Smith, Stephen a and Beaulieu, Jeremy M and Donoghue, Michael J},
    journal = {BMC Evolutionary Biology},
    pages = {37},
    title = {{Mega-phylogeny approach for comparative biology: an alternative to supertree and supermatrix approaches.}},
    volume = {9},
    year = {2009}
}
@article{Hinchliff2013,
    author = {Hinchliff, Cody E and Roalson, Eric H},
    journal = {Systematic Biology},
    number = {2},
    pages = {205--19},
    title = {{Using supermatrices for phylogenetic inquiry: an example using the sedges.}},
    volume = {62},
    year = {2013}
}
@article{Smith2011,
    author = {Smith, Stephen a and Beaulieu, Jeremy M and Stamatakis, Alexandros and Donoghue, Michael J},
    journal = {American Journal of Botany},
    number = {3},
    pages = {404--14},
    title = {{Understanding angiosperm diversification using small and large phylogenetic trees.}},
    volume = {98},
    year = {2011}
}
@article{Sarkinen2013,
    author = {S\"{a}rkinen, Tiina and Bohs, Lynn and Olmstead, Richard G and Knapp, Sandra},
    journal = {BMC Evolutionary Biology},
    number = {1},
    pages = {214},
    title = {{A phylogenetic framework for evolutionary study of the nightshades (Solanaceae): a dated 1000-tip tree.}},
    volume = {13},
    year = {2013}
}
@article{Punt2003,
    author = {Punt, W. and Rovers, Jolanda and Hoen, P.P.},
    journal = {Review of Palaeobotany and Palynology},
    number = {1-2},
    pages = {107--161},
    title = {{Onagraceae}},
    volume = {123},
    year = {2003}
}
@article{Patel1984,
    author = {Patel, VC and Skvarla, JJ and Raven, PH},
    journal = {Annals of the Missouri Botanical Garden},
    number = {3},
    pages = {858--969},
    title = {{Pollen Characters in Relation to the Delimitation of Myrtales}},
    volume = {71},
    year = {1984}
}
@article{Raven1979,
    author = {Raven, Peter H.},
    journal = {New Zealand Journal of Botany},
    number = {4},
    pages = {575--593},
    title = {{A survey of reproductive biology in Onagraceae}},
    volume = {17},
    year = {1979}
}
@article{DeWittSmith2010,
author = {{DeWitt Smith}, Stacey},
journal = {{The New Phytologist}},
number = {2},
pages = {354--63},
title = {{Using phylogenetics to detect pollinator-mediated floral evolution.}},
volume = {188},
year = {2010}
}
@article{raven1974angiosperm,
  title={Angiosperm biogeography and past continental movements},
  author={Raven, Peter H and Axelrod, Daniel I},
  journal={Annals of the Missouri Botanical Garden},
  pages={539--673},
  year={1974},
  publisher={JSTOR}
}
@incollection{raven1988onagraceae,
  title={Onagraceae as a model of plant evolution},
  author={Raven, Peter H},
  booktitle={Plant evolutionary biology},
  pages={85--107},
  year={1988},
  publisher={Springer}
}
@article{Xia2003,
    author = {Xia, Xuhua and Xie, Zheng and Salemi, Marco and Chen, Lu and Wang, Yong},
    journal = {Molecular phylogenetics and evolution},
    number = {1},
    pages = {1--7},
    title = {{An index of substitution saturation and its application.}},
    volume = {26},
    year = {2003}
}
@article{Fischer2012,
    author = {Fischer, Mareike},
    journal = {arXiv preprint arXiv:1206.3472},
    title = {{Perfect taxon sampling and phylogenetically decisive taxon coverage}},
    year = {2012}
}
@article{Sanderson2010,
    author = {Sanderson, Michael J and McMahon, Michelle M and Steel, Mike},
    journal = {BMC evolutionary biology},
    pages = {155},
    title = {{Phylogenomics with incomplete taxon coverage: the limits to inference.}},
    volume = {10},
    year = {2010}
}

